<?xml version="1.0" encoding="utf-8"?>
<record xmlns="http://www.loc.gov/MARC21/slim" xmlns:xsi="http://www.w3.org/2001/XMLSchema-instance" xsi:schemaLocation="http://www.loc.gov/MARC21/slim http://www.loc.gov/standards/marcxml/schema/MARC21slim.xsd">
	<leader>     nam a22        4500</leader>
	<controlfield tag="001">3088638</controlfield>
	<controlfield tag="003">NNC</controlfield>
	<controlfield tag="006">m        d        </controlfield>
	<controlfield tag="007">cr cn |||m|||a</controlfield>
	<controlfield tag="008">150505s1940    ua      o     000 0 ara d</controlfield>
	<datafield ind1=" " ind2=" " tag="040">
		<subfield code="a">NNU</subfield>
		<subfield code="b">eng</subfield>
		<subfield code="e">rda</subfield>
		<subfield code="c">NNU</subfield>
	</datafield>
	<datafield ind1="1" ind2=" " tag="100">
		<subfield code="6">880-01</subfield>
		<subfield code="a">Qushayrī, ʻAbd al-Karīm ibn Hawāzin,</subfield>
		<subfield code="d">986-1072.</subfield>
	</datafield>
	<datafield ind1="1" ind2="3" tag="245">
		<subfield code="6">880-02</subfield>
		<subfield code="a">al-Risālah al-Qushayriyah /</subfield>
		<subfield code="c">taʼlīf Abī al-Qāsim ʻAbd al-Karīm ibn Hawāzin ibn ʻAbd al-Malik ibn Ṭalḥah al-Qushayrī ; wa-bi-al-hāmish muntakhabāt min sharḥ Abī Yaḥyá Zakrīyah al-Anṣārī.</subfield>
	</datafield>
	<datafield ind1=" " ind2=" " tag="250">
		<subfield code="6">880-03</subfield>
		<subfield code="a">al-Ṭabʻah 1.</subfield>
	</datafield>
	<datafield ind1=" " ind2=" " tag="260">
		<subfield code="6">880-04</subfield>
		<subfield code="a">[Miṣr] :</subfield>
		<subfield code="b">Maṭbʻat Muṣṭafá al-Bābī al-Halabī,</subfield>
		<subfield code="c">1940.</subfield>
	</datafield>
	<datafield ind1=" " ind2=" " tag="300">
		<subfield code="a">online resource (208 pages)</subfield>
	</datafield>
	<datafield ind1=" " ind2=" " tag="336">
		<subfield code="a">text</subfield>
		<subfield code="2">rdacontent</subfield>
	</datafield>
	<datafield ind1=" " ind2=" " tag="337">
		<subfield code="a">computer</subfield>
		<subfield code="2">rdamedia</subfield>
	</datafield>
	<datafield ind1=" " ind2=" " tag="338">
		<subfield code="a">online resource</subfield>
		<subfield code="2">rdacarrier</subfield>
	</datafield>
	<datafield ind1=" " ind2=" " tag="500">
		<subfield code="a">Part of the Arabic Collections Online (ACO) project, contributed by Columbia University Libraries.</subfield>
	</datafield>
	<datafield ind1=" " ind2=" " tag="533">
		<subfield code="a">Electronic reproduction.</subfield>
		<subfield code="b">New York, N.Y. :</subfield>
		<subfield code="c">New York University,</subfield>
		<subfield code="d">2015.</subfield>
		<subfield code="5">NNU</subfield>
	</datafield>
	<datafield ind1="1" ind2="0" tag="600">
		<subfield code="a">Anṣārī, Zakarīyā ibn Muḥammad,</subfield>
		<subfield code="d">approximately 1423-approximately 1520.</subfield>
	</datafield>
	<datafield ind1="1" ind2="2" tag="700">
		<subfield code="6">880-05</subfield>
		<subfield code="a">Anṣārī, Zakarīyā ibn Muḥammad,</subfield>
		<subfield code="d"> approximately 1423-approximately 1520.</subfield>
		<subfield code="t">sharh Risālah al-Qushayriyah . </subfield>
	</datafield>
	<datafield ind1="2" ind2=" " tag="710">
		<subfield code="a">Columbia University.</subfield>
		<subfield code="b">Libraries.</subfield>
	</datafield>
	<datafield ind1="0" ind2=" " tag="730">
		<subfield code="a">Arabic Collections Online.</subfield>
	</datafield>
	<datafield ind1="0" ind2="8" tag="776">
		<subfield code="i">Print version:</subfield>
		<subfield code="a">Qushayrī, ʻAbd al-Karīm ibn Hawāzin, 986-1072.</subfield>
		<subfield code="t">al-Risālah al-Qushayriyah</subfield>
		<subfield code="w">(NNC)3088638</subfield>
		<subfield code="w">(OCoLC)33924576</subfield>
	</datafield>
	<datafield ind1="4" ind2="0" tag="856">
		<subfield code="u">http://hdl.handle.net/2333.1/mgqnkc61</subfield>
	</datafield>
	<datafield ind1="1" ind2=" " tag="880">
		<subfield code="6">100-01/r</subfield>
		<subfield code="a">قشيري، عبد الكريم بن هوازن،</subfield>
		<subfield code="d">986-1072.</subfield>
	</datafield>
	<datafield ind1="1" ind2="2" tag="880">
		<subfield code="6">245-02/r</subfield>
		<subfield code="a">الرسالة القشيرية /</subfield>
		<subfield code="c">تأليف أبي القاسم عبد الكريم ابن هوازن بن عبد الملك بن طلحة القشيري النيسابوري الشافعي. وبالهامش منتخبات من شرح أبي يحيى زكيا الأنصاري الشافعي.</subfield>
	</datafield>
	<datafield ind1=" " ind2=" " tag="880">
		<subfield code="6">250-03/r</subfield>
		<subfield code="a">الطبعة ١.</subfield>
	</datafield>
	<datafield ind1=" " ind2=" " tag="880">
		<subfield code="6">260-04/r</subfield>
		<subfield code="a">[مصر] :</subfield>
		<subfield code="b">مطبعة مصطفى البابي الحلبي،</subfield>
		<subfield code="c">١٩٤٠.</subfield>
	</datafield>
	<datafield ind1="1" ind2="2" tag="880">
		<subfield code="6">700-05/r</subfield>
		<subfield code="a">انصاري، زكريا بن محمد،</subfield>
		<subfield code="d">approximately 1423-approximately 1520.</subfield>
		<subfield code="t">شرح رسالة القشيرية . </subfield>
	</datafield>
	<datafield ind1=" " ind2=" " tag="959">
		<subfield code="a">NNU</subfield>
		<subfield code="b">WEB</subfield>
		<subfield code="c">GENI</subfield>
		<subfield code="t">0</subfield>
		<subfield code="m">Electronic access</subfield>
		<subfield code="s">01</subfield>
	</datafield>
	<datafield ind1=" " ind2=" " tag="999">
		<subfield code="i">NNC_3088638</subfield>
		<subfield code="o">(OCoLC)33924576</subfield>
		<subfield code="s">columbia_aco000040</subfield>
	</datafield>
</record>
